@inproceedings{MendesJr2011,
author={Mendes, P.R. and Neves, J.M.R. and Tavares, A.I. and Menotti, D.},
booktitle={Systems, Man, and Cybernetics (SMC), 2011 IEEE International Conference on},
title={Towards an automatic vehicle access control system: License plate location},
year={2011},
pages={2916-2921},
keywords={access control;authorisation;gradient methods;image recognition;independent component analysis;mathematical morphology;road vehicles;VLP recognition;automatic vehicle access control system;connected components analysis;horizontal gradient;image binarization;integer-valued image;mean filter;morphological operation;nonVLP high-valued region;statistical measure;vehicle license plate location;vehicle location;Access control;Filtering;Image databases;Licenses;Morphological operations;Vehicles;Vehicle license plate location;mathematical morphology},
doi={10.1109/ICSMC.2011.6084108},
ISSN={1062-922X},
month={Oct},
}
